<record><leader>00000cas a22000007a 4500</leader><controlfield tag="001">15373090</controlfield><controlfield tag="008">870326d1876187uinudn ne      0    0eng d</controlfield><datafield ind1=" " ind2=" " tag="010"><subfield code="a">sn 87055707 </subfield></datafield><datafield ind1=" " ind2=" " tag="040"><subfield code="a">NPI</subfield><subfield code="b">eng</subfield><subfield code="c">NPI</subfield><subfield code="d">OCLCQ</subfield></datafield><datafield ind1=" " ind2=" " tag="042"><subfield code="a">msc</subfield></datafield><datafield ind1="0" ind2=" " tag="130"><subfield code="a">Terre Haute journal (Terre Haute, Ind. : Daily)</subfield></datafield><datafield ind1="1" ind2="4" tag="245"><subfield code="a">The Terre Haute journal.</subfield></datafield><datafield ind1=" " ind2=" " tag="260"><subfield code="a">Terre Haute [Ind. :</subfield><subfield code="b">s.n.],</subfield><subfield code="c">1876-</subfield></datafield><datafield ind1=" " ind2=" " tag="310"><subfield code="a">Daily (except Sun.)</subfield></datafield><datafield ind1="0" ind2=" " tag="362"><subfield code="a">Vol. 20, no. 356 (Jan. 1, 1876)-</subfield></datafield><datafield ind1=" " ind2=" " tag="580"><subfield code="a">Issued also in weekly edition called: Terre Haute weekly journal.</subfield></datafield><datafield ind1=" " ind2=" " tag="752"><subfield code="a">United States</subfield><subfield code="b">Indiana</subfield><subfield code="c">Vigo</subfield><subfield code="d">Terre Haute.</subfield></datafield><datafield ind1="1" ind2=" " tag="775"><subfield code="t">Terre Haute weekly journal</subfield><subfield code="w">(DLC)sn 87055673</subfield></datafield><datafield ind1="0" ind2="0" tag="780"><subfield code="t">Terre Haute daily journal</subfield><subfield code="w">(DLC)sn 82015657</subfield><subfield code="w">(OCoLC)8807832</subfield></datafield></record>